

@misc{Barba_2016,
  author =        {Barba, Lorena},
  howpublished =
  {\url{https://bids.berkeley.edu/news/computational-thinking-i-do-not-think-it-means-what-you-think-it-means}},
  month =         {March},
  title =         {Computational thinking: I do not think it means what
                   you think it means},
  year =          {2016},
}

@article{Arribas_Bel_2018,
  author =        {Arribas-Bel, Dani and Reades, Jon},
  journal =       {Geography Compass},
  month =         {Sep},
  pages =         {e12403},
  publisher =     {Wiley},
  title =         {Geography and computers: Past, present, and future},
  year =          {2018},
  doi =           {10.1111/gec3.12403},
  issn =          {1749-8198},
  url =           {http://dx.doi.org/10.1111/gec3.12403},
}

@article{Golledge_2010,
  author =        {Golledge, Reginald G.},
  journal =       {Geographical Analysis},
  month =         {Sep},
  number =        {4},
  pages =         {318-323},
  publisher =     {Wiley},
  title =         {Looking Back and Looking Forward},
  volume =        {31},
  year =          {2010},
  doi =           {10.1111/j.1538-4632.1999.tb00985.x},
  issn =          {0016-7363},
  url =           {http://dx.doi.org/10.1111/j.1538-4632.1999.tb00985.x},
}

@article{anserson_2006_eot,
  author =        {Anderson, Chris},
  journal =       {Wired},
  title =         {The end of theory: The data deluge makes the
                   scientific method obsolete},
  year =          {2006},
}

@book{raymond_cathedral_1999-2,
  author =        {Raymond, Eric S.},
  publisher =     {O'Reilly},
  title =         {The {Cathedral} and the {Bazaar}},
  year =          {1999},
}

@misc{Mark_2018,
  author =        {John Mark},
  howpublished =
  {\url{https://medium.com/@johnmark/why-open-source-failed-6cae5d6a9f6}},
  month =         {July},
  title =         {Why open source failed},
  year =          {2018},
}

@article{rey_show_2009,
  author =        {Rey, Sergio J.},
  journal =       {Journal of Geographical Systems},
  pages =         {191--207},
  title =         {Show me the code: {Spatial} analysis and open source},
  volume =        {11},
  year =          {2009},
}

@misc{ncdb_2018,
  author =        {Geolytics},
  howpublished =
  {\url{http://www.geolytics.com/USCensus,Neighborhood-Change-Database-1970-2000,Products.asp}},
  title =         {Neighborhood Change Database 1970-2000},
  year =          {2018},
}

@misc{ipums_2018,
  author =        {IPUMS},
  howpublished =  {\url{https://www.ipums.org/}},
  title =         {IPUMS},
  year =          {2018},
}

@article{Logan_2014,
  author =        {Logan, John R. and Xu, Zengwang and Stults, Brian J.},
  journal =       {The Professional Geographer},
  month =         {May},
  number =        {3},
  pages =         {412-420},
  publisher =     {Informa UK Limited},
  title =         {Interpolating {U.S.} Decennial Census Tract Data from
                   as Early as 1970 to 2010: A Longitudinal Tract
                   Database},
  volume =        {66},
  year =          {2014},
  doi =           {10.1080/00330124.2014.905156},
  issn =          {1467-9272},
  url =           {http://dx.doi.org/10.1080/00330124.2014.905156},
}

@article{rey_open_2014,
  author =        {Rey, Sergio J.},
  journal =       {Annals of Regional Science},
  number =        {3},
  pages =         {825--837},
  title =         {Open regional science},
  volume =        {52},
  year =          {2014},
}

@book{eghbal2016roads,
  author =        {Eghbal, N.},
  publisher =     {Ford Foundation},
  title =         {Roads and Bridges: The Unseen Labor Behind Our
                   Digital Infrastructure},
  year =          {2016},
  url =           {https://books.google.com/books?id=3U9gAQAACAAJ},
}

@article{yuan2001representing,
  author =        {Yuan, May},
  journal =       {Cartography and Geographic Information Science},
  number =        {2},
  pages =         {83--96},
  publisher =     {Taylor \& Francis},
  title =         {Representing complex geographic phenomena in {GIS}},
  volume =        {28},
  year =          {2001},
}

@Article{obermeyer_1995,
  author       = {Obermeyer, Nancy J.},
  title        = {The Hidden {GIS} Technocracy},
  year         = 1995,
  volume       = 22,
  number       = 1,
  month        = {Jan},
  pages        = {78â€“83},
  issn         = {1050-9844},
  doi          = {10.1559/152304095782540609},
  url          = {http://dx.doi.org/10.1559/152304095782540609},
  journal      = {Cartography and Geographic Information Systems},
  publisher    = {Informa UK Limited}
}


@book{pickles_1995,
  editor =        {Pickles, J.},
  publisher =     {Guilford},
  title =         {Ground truth: the social implications of geographic information systems},
  year =          {1995}
}
